@BOOK{osterwalder,
	author = "Osterwalder, Alexander and Pigneur, Yves",
	title = "Business Model Generation: A Handbook for Visionaries, Game Changers, and 			Challangers",
	publisher = "John Wiley & Sons, Inc., Hoboken, New Jersey",
	year = "2010"
}